
@Article{Ganis2022,
author={Ganis, Gerardo
and Helsens, Cl{\'e}ment
and V{\"o}lkl, Valentin},
title={Key4hep, a framework for future HEP experiments and its use in FCC},
journal={The European Physical Journal Plus},
year={2022},
month={Jan},
day={21},
volume={137},
number={1},
pages={149},
issn={2190-5444},
doi={10.1140/epjp/s13360-021-02213-1},
url={https://doi.org/10.1140/epjp/s13360-021-02213-1}
}



@article\{Hageboeck:2020dyv,

author = "Hageboeck, Stephan",

title = "\{What the new RooFit can do for your analysis\}",

eprint = "2012.02746",

archivePrefix = "arXiv",

primaryClass = "physics.data-an",

doi = "10.22323/1.390.0910",

journal = "PoS",

volume = "ICHEP2020",

pages = "910",

year = "2021"

\}

@online\{neuralmodelHLT1LHCb,

author = \{Arantza de Oyanguren Campos and Brij Kishor Jashal and
Volodymyr Svintozelskyi and Valerii Kholoimov and Jiahui Zhuo\},

title = \{A Streamlined Neural Model for Real-Time Analysis at the First
Level of the LHCb Trigger\},

year = \{2024\},

url = \{https://indico.cern.ch/event/1338689/contributions/6015440/\}

\}

@Article\{af3,

author = "\{ATLAS Collaboration\}",

title = "\{AtlFast3: The Next Generation of Fast Simulation in ATLAS\}",

journal = "Comput. Softw. Big Sci.",

volume = "6",

year = "2022",

pages = "7",

doi = "10.1007/s41781-021-00079-7",

reportNumber = "CERN-EP-2021-174",

eprint = "2109.02551",

archivePrefix = "arXiv",

primaryClass = "hep-ex",

\}

@techreport\{trackoverlay,

author = "Tsai, Fang-Ying",

collaboration = "ATLAS",

title = "\{Boosting CPU Efficiency in ATLAS Inner Detector

Reconstruction with Track Overlay\}",

institution = "CERN",

reportNumber = "ATL-SOFT-PROC-2024-006",

address = "Geneva",

year = "2024",

url = "https://cds.cern.ch/record/2907576",

\}

@techreport\{fatras,

author = "Hamilton, S and Kneringer, E and Lukas, W and Ritsch, E

and Salzburger, A and Sliwa, K and Todorova, S and Wetter,

J and Zimmermann, S",

collaboration = "fortheATLAScollaboration",

title = "\{The ATLAS Fast Track Simulation Project\}",

institution = "CERN",

reportNumber = "ATL-SOFT-PROC-2011-038",

address = "Geneva",

year = "2011",

url = "https://cds.cern.ch/record/1341541",

\}

@article\{Bertone:2019hks,

author = "Bertone, V. and Cacciari, M. and Frixione, S. and Stagnitto,
G.",

title = "\{The partonic structure of the electron at the next-to-leading
logarithmic accuracy in QED\}",

eprint = "1911.12040",

archivePrefix = "arXiv",

primaryClass = "hep-ph",

doi = "10.1007/JHEP03(2020)135",

journal = "JHEP",

volume = "03",

pages = "135",

year = "2020",

note = "{[}Erratum: JHEP 08, 108 (2022){]}"

\}

@article\{Frixione:2019lga,

author = "Frixione, Stefano",

title = "\{Initial conditions for electron and photon structure and
fragmentation functions\}",

eprint = "1909.03886",

archivePrefix = "arXiv",

primaryClass = "hep-ph",

doi = "10.1007/JHEP11(2019)158",

journal = "JHEP",

volume = "11",

pages = "158",

year = "2019"

\}

@online\{wlcgsust,

title = ``WLCG Environmental Sustainability Workshop'',

Url =
\{\href{https://indico.cern.ch/event/1450885}{\ul{https://indico.cern.ch/event/1450885}}\},

Year = 2024

\}

@Article\{hsfcwp,

author=\{HEP Software Foundation\},

title=\{A Roadmap for HEP Software and Computing R\{\textbackslash\&\}D
for the 2020s\},

journal=\{Computing and Software for Big Science\},

year=\{2019\},

month=\{3\},

day=\{20\},

volume=\{3\},

number=\{1\},

issn=\{2510-2044\},

doi=\{10.1007/s41781-018-0018-8\},

url=\{https://doi.org/10.1007/s41781-018-0018-8\}

\}

@techreport\{CERN-LHCC-2022-005,

collaboration = "ATLAS",

title = "\{ATLAS Software and Computing HL-LHC Roadmap\}",

institution = "CERN",

reportNumber = "CERN-LHCC-2022-005, LHCC-G-182",

address = "Geneva",

year = "2022",

url = "https://cds.cern.ch/record/2802918",

\}

@techreport\{Software:2815292,

author = "CMS Offline Software and Computing",

title = "\{CMS Phase-2 Computing Model: Update Document\}",

institution = "CERN",

reportNumber = "CMS-NOTE-2022-008, CERN-CMS-NOTE-2022-008",

address = "Geneva",

year = "2022",

url = "https://cds.cern.ch/record/2815292",

\}

@article\{Corcella:2000bw,

author = "Corcella, G. and Knowles, I. G. and Marchesini, G. and
Moretti, S. and Odagiri, K. and Richardson, P. and Seymour, M. H. and
Webber, B. R.",

title = "\{HERWIG 6: An Event generator for hadron emission reactions
with interfering gluons (including supersymmetric processes)\}",

eprint = "hep-ph/0011363",

archivePrefix = "arXiv",

reportNumber = "CAVENDISH-HEP-99-03, CERN-TH-2000-284, RAL-TR-2000-048",

doi = "10.1088/1126-6708/2001/01/010",

journal = "JHEP",

volume = "01",

pages = "010",

year = "2001"

\}

@article\{Alwall:2011uj,

author = "Alwall, Johan and Herquet, Michel and Maltoni, Fabio and
Mattelaer, Olivier and Stelzer, Tim",

title = "\{MadGraph 5 : Going Beyond\}",

eprint = "1106.0522",

archivePrefix = "arXiv",

primaryClass = "hep-ph",

reportNumber = "FERMILAB-PUB-11-448-T",

doi = "10.1007/JHEP06(2011)128",

journal = "JHEP",

volume = "06",

pages = "128",

year = "2011"

\}

@article\{Sjostrand:2006za,

author = "Sjostrand, Torbjorn and Mrenna, Stephen and Skands, Peter Z.",

title = "\{PYTHIA 6.4 Physics and Manual\}",

eprint = "hep-ph/0603175",

archivePrefix = "arXiv",

reportNumber = "FERMILAB-PUB-06-052-CD-T, LU-TP-06-13",

doi = "10.1088/1126-6708/2006/05/026",

journal = "JHEP",

volume = "05",

pages = "026",

year = "2006"

\}

@article\{Sherpa:2024mfk,

author = "Bothmann, Enrico and others",

collaboration = "Sherpa",

title = "\{Event generation with Sherpa 3\}",

eprint = "2410.22148",

archivePrefix = "arXiv",

primaryClass = "hep-ph",

reportNumber = "IPPP/24/67, LTH-1385, FERMILAB-PUB-24-0748-T, ZU-TH
51/24, MCNET-24-17, CERN-TH-2024-171",

doi = "10.1007/JHEP12(2024)156",

journal = "JHEP",

volume = "12",

pages = "156",

year = "2024"

\}

@article\{Kilian:2007gr,

author = "Kilian, Wolfgang and Ohl, Thorsten and Reuter, Jurgen",

title = "\{WHIZARD: Simulating Multi-Particle Processes at LHC and
ILC\}",

eprint = "0708.4233",

archivePrefix = "arXiv",

primaryClass = "hep-ph",

reportNumber = "DESY-11-126, EDINBURGH-2010-36, FR-PHENO-2010-037,
SI-HEP-2010-18",

doi = "10.1140/epjc/s10052-011-1742-y",

journal = "Eur. Phys. J. C",

volume = "71",

pages = "1742",

year = "2011"

\}

@article\{Jadach:2022mbe,

author = "Jadach, S. and Ward, B. F. L. and WaÌ§s, Z. and Yost, S. A. and
Siodmok, A.",

title = "\{Multi-photon Monte Carlo event generator KKMCee for lepton
and quark pair production in lepton colliders\}",

eprint = "2204.11949",

archivePrefix = "arXiv",

primaryClass = "hep-ph",

reportNumber = "IFJPAN-IV-2022-6, BU-HEPP-22-02, MCnet-22",

doi = "10.1016/j.cpc.2022.108556",

journal = "Comput. Phys. Commun.",

volume = "283",

pages = "108556",

year = "2023"

\}

@inproceedings\{Frixione:2022ofv,

author = "Frixione, S. and others",

title = "\{Initial state QED radiation aspects for future
\$e\^{}+e\^{}-\$ colliders\}",

booktitle = "\{Snowmass 2021\}",

eprint = "2203.12557",

archivePrefix = "arXiv",

primaryClass = "hep-ph",

reportNumber = "FERMILAB-PUB-22-129-T",

month = "3",

year = "2022"

\}

@article\{Jadach:1999vf,

author = "Jadach, S. and Ward, B. F. L. and Was, Z.",

title = "\{The Precision Monte Carlo event generator K K for two fermion
final states in e+ e- collisions\}",

eprint = "hep-ph/9912214",

archivePrefix = "arXiv",

reportNumber = "DESY-99-106, CERN-TH-99-235, UTHEP-99-08-01",

doi = "10.1016/S0010-4655(00)00048-5",

journal = "Comput. Phys. Commun.",

volume = "130",

pages = "260-\/-325",

year = "2000"

\}

@article\{Krauss:2022ajk,

author = \{Krauss, Frank and Price, Alan and Sch\textbackslash"onherr,
Marek\},

title = "\{YFS Resummation for Future Lepton-Lepton Colliders in
SHERPA\}",

eprint = "2203.10948",

archivePrefix = "arXiv",

primaryClass = "hep-ph",

reportNumber = "IPPP/22/13,MCnet-21-13",

doi = "10.21468/SciPostPhys.13.2.026",

journal = "SciPost Phys.",

volume = "13",

number = "2",

pages = "026",

year = "2022"

\}

@misc\{cmswmass,

title=\{High-precision measurement of the W boson mass with the CMS
experiment at the LHC\},

author=\{CMS Collaboration\},

year=\{2024\},

eprint=\{2412.13872\},

archivePrefix=\{arXiv\},

primaryClass=\{hep-ex\},

url=\{https://arxiv.org/abs/2412.13872\},

\}

\hl{@article\{CarloniCalame:2003yt,}

\hl{author = "Carloni Calame, C. M. and Montagna, G. and Nicrosini, O.
and Piccinini, F.",}

\hl{editor = "Incagli, Marco and Venanzoni, G.",}

\hl{title = "\{The BABAYAGA event generator\}",}

\hl{eprint = "hep-ph/0312014",}

\hl{archivePrefix = "arXiv",}

\hl{doi = "10.1016/j.nuclphysbps.2004.02.008",}

\hl{journal = "Nucl. Phys. B Proc. Suppl.",}

\hl{volume = "131",}

\hl{pages = "48-\/-55",}

\hl{year = "2004"}

\hl{\}}

\hl{@article\{Jadach:1991by,}

\hl{author = "Jadach, S. and Richter-Was, E. and Ward, B. F. L. and Was,
Z.",}

\hl{title = "\{Monte Carlo program BHLUMI-2.01 for Bhabha scattering at
low angles with Yennie-Frautschi-Suura exponentiation\}",}

\hl{reportNumber = "CERN-TH-6230-91",}

\hl{doi = "10.1016/0010-4655(92)90196-6",}

\hl{journal = "Comput. Phys. Commun.",}

\hl{volume = "70",}

\hl{pages = "305-\/-344",}

\hl{year = "1992"}

\hl{\}}

\hl{@article\{Denner:2000bj,}

\hl{author = "Denner, Ansgar and Dittmaier, S. and Roth, M. and
Wackeroth, D.",}

\hl{title = "\{Electroweak radiative corrections to e+ e-
-\/-\/-\textbackslash ensuremath\{\textgreater\} W W
-\/-\/-\textbackslash ensuremath\{\textgreater\} 4 fermions in double
pole approximation: The RACOONWW approach\}",}

\hl{eprint = "hep-ph/0006307",}

\hl{archivePrefix = "arXiv",}

\hl{reportNumber = "BI-TP-2000-06, LU-ITP-2000-003, PSI-PR-00-11,
UR-1604",}

\hl{doi = "10.1016/S0550-3213(00)00511-3",}

\hl{journal = "Nucl. Phys. B",}

\hl{volume = "587",}

\hl{pages = "67-\/-117",}

\hl{year = "2000"}

\hl{\}}

\hl{@article\{Ohl:1996fi,}

\hl{author = "Ohl, Thorsten",}

\hl{title = "\{CIRCE version 1.0: Beam spectra for simulating linear
collider physics\}",}

\hl{eprint = "hep-ph/9607454",}

\hl{archivePrefix = "arXiv",}

\hl{reportNumber = "IKDA-96-13",}

\hl{doi = "10.1016/S0010-4655(96)00167-1",}

\hl{journal = "Comput. Phys. Commun.",}

\hl{volume = "101",}

\hl{pages = "269-\/-288",}

\hl{year = "1997"}

\hl{\}}

@article\{Schulte:1998au,

author = "Schulte, D.",

editor = "Ko, Kwok and Ryne, Robert D.",

title = "\{Beam-beam simulations with Guinea-Pig\}",

journal = "eConf",

volume = "C980914",

pages = "127-\/-131",

year = "1998"

\}

@article\{ECFAHiggsStudy:2025,

author=''ECFA'',

editor = ``Robson, Aidan and Christos Leonidopoulos, Christos'',

Title = ``ECFA Higgs/Electroweak/Top Factory Study''

year=2025

\}

HSFPhysicsEventGeneratorWG:2020gxw

@misc\{g4inputs,

Title = \{Geant4 Input to Community Input on the EPPSU\},

Year = 2024,

Url =
\{\href{https://indico.cern.ch/event/1475445/contributions/6235431/attachments/2972929/5232615/Geant4InputToHSFDetSim.pdf}{\ul{https://indico.cern.ch/event/1475445/contributions/6235431/attachments/2972929/5232615/Geant4InputToHSFDetSim.pdf}}\},

\}

@Article\{HSFPhysicsEventGeneratorWG:2020gxw,

author=\{Valassi, Andrea

and Yazgan, Efe

and McFayden, Josh

and Amoroso, Simone

and Bendavid, Joshua

and Buckley, Andy

and Cacciari, Matteo

and Childers, Taylor

and Ciulli, Vitaliano

and Frederix, Rikkert

and Frixione, Stefano

and Giuli, Francesco

and Grohsjean, Alexander

and G\{\textbackslash"u\}tschow, Christian

and H\{\textbackslash"o\}che, Stefan

and Hopkins, Walter

and Ilten, Philip

and Konstantinov, Dmitri

and Krauss, Frank

and Li, Qiang

and L\{\textbackslash"o\}nnblad, Leif

and Maltoni, Fabio

and Mangano, Michelangelo

and Marshall, Zach

and Mattelaer, Olivier

and Fernandez Menendez, Javier

and Mrenna, Stephen

and Muralidharan, Servesh

and Neumann, Tobias

and Pl\{\textbackslash"a\}tzer, Simon

and Prestel, Stefan

and Roiser, Stefan

and Sch\{\textbackslash"o\}nherr, Marek

and Schulz, Holger

and Schulz, Markus

and Sexton-Kennedy, Elizabeth

and Siegert, Frank

and Si\{\textbackslash\textquotesingle o\}dmok, Andrzej

and Stewart, Graeme A.

and WG, The HSF Physics Event Generator\},

title=\{Challenges in Monte Carlo Event Generator Software for
High-Luminosity LHC\},

journal=\{Computing and Software for Big Science\},

year=\{2021\},

month=\{May\},

day=\{22\},

volume=\{5\},

number=\{1\},

pages=\{12\},

abstract=\{We review the main software and computing challenges for the
Monte Carlo physics event generators used by the LHC experiments, in
view of the High-Luminosity LHC (HL-LHC) physics programme. This paper
has been prepared by the HEP Software Foundation (HSF) Physics Event
Generator Working Group as an input to the LHCC review of HL-LHC
computing, which has started in May 2020.\},

issn=\{2510-2044\},

doi=\{10.1007/s41781-021-00055-1\},

url=\{https://doi.org/10.1007/s41781-021-00055-1\}

\}

@misc\{maltoni2022tf07snowmassreporttheory,

title=\{TF07 Snowmass Report: Theory of Collider Phenomena\},

author=\{Fabio Maltoni and Shufang Su and Jesse Thaler\},

year=\{2022\},

eprint=\{2210.02591\},

archivePrefix=\{arXiv\},

primaryClass=\{hep-ph\},

url=\{https://arxiv.org/abs/2210.02591\},

\}

@Article\{10.21468/SciPostPhys.16.5.130,

title=\{\{Event generators for high-energy physics experiments\}\},

author=\{J. M. Campbell and M. Diefenthaler and T. J. Hobbs and S. HÃ¶che
and J. Isaacson and F. Kling and S. Mrenna and J. Reuter and S. Alioli
and J. R. Andersen and C. Andreopoulos and A. M. Ankowski and E. C.
Aschenauer and A. Ashkenazi and M. D. Baker and J. L. Barrow and M. van
Beekveld and G. Bewick and S. Bhattacharya and C. Bierlich and E.
Bothmann and P. Bredt and A. Broggio and A. Buckley and A. Butter and J.
M. Butterworth and E. P. Byrne and C. M. Carloni-Calame and S.
Chakraborty and X. Chen and M. Chiesa and J. T. Childers and J.
Cruz-Martinez and J. Currie and N. Darvishi and M. Dasgupta and A.
Denner and F. A. Dreyer and S. Dytman and B. K. El-Menoufi and T. Engel
and S. Ferrario Ravasio and D. Figueroa and L. Flower and J. R. Forshaw
and R. Frederix and A. Friedland and S. Frixione and H. Gallagher and K.
Gallmeister and S. Gardiner and R. Gauld and J. Gaunt and A. Gavardi and
T. Gehrmann and A. Gehrmann-De Ridder and L. Gellersen and W. Giele and
S. Gieseke and F. Giuli and E. W. N. Glover and M. Grazzini and A.
Grohsjean and C. GÃ¼tschow and K. Hamilton and T. Han and R. Hatcher and
G. Heinrich and I. Helenius and O. Hen and V. Hirschi and M. HÃ¶fer and
J. Holguin and A. Huss and P. Ilten and S. Jadach and A. Jentsch and S.
P. Jones and W. Ju and S. Kallweit and A. Karlberg and T. Katori and M.
Kerner and W. Kilian and M. M. KirchgaeÃer and S. Klein and M. Knobbe
and C. Krause and F. Krauss and J. Lang and J. -N. Lang and G. Lee and
S. W. Li and M. A. Lim and J. M. Lindert and D. Lombardi and L. LÃ¶nnblad
and M. LÃ¶schner and N. Lurkin and Y. Ma and P. Machado and V. Magerya
and A. Maier and I. Majer and F. Maltoni and M. Marcoli and G. Marinelli
and M. R. Masouminia and P. Mastrolia and O. Mattelaer and J. Mazzitelli
and J. McFayden and R. Medves and P. Meinzinger and J. Mo and P. F.
Monni and G. Montagna and T. Morgan and U. Mosel and B. Nachman and P.
Nadolsky and R. Nagar and Z. Nagy and D. Napoletano and P. Nason and T.
Neumann and L. J. Nevay and O. Nicrosini and J. Niehues and K. Niewczas
and T. Ohl and G. Ossola and V. Pandey and A. Papadopoulou and A.
Papaefstathiou and G. Paz and M. Pellen and G. Pelliccioli and T. Peraro
and F. Piccinini and L. Pickering and J. Pires and W. Placzek and S.
PlÃ¤tzer and T. Plehn and S. Pozzorini and S. Prestel and C. T. Preuss
and A. C. Price and S. Quackenbush and E. Re and D. Reichelt and L.
Reina and C. Reuschle and P. Richardson and M. Rocco and N. Rocco and M.
Roda and A. Rodriguez Garcia and S. Roiser and J. Rojo and L. Rottoli
and G. P. Salam and M. SchÃ¶nherr and S. Schuchmann and S. Schumann and
R. SchÃ¼rmann and L. Scyboz and M. H. Seymour and F. Siegert and A.
Signer and G. Singh Chahal and A. SiÃ³dmok and T. SjÃ¶strand and P. Skands
and J. M. Smillie and J. T. Sobczyk and D. Soldin and D. E. Soper and A.
Soto-Ontoso and G. Soyez and G. Stagnitto and J. Tena-Vidal and O.
Tomalak and F. Tramontano and S. Trojanowski and Z. Tu and S. Uccirati
and T. Ullrich and Y. Ulrich and M. Utheim and A. Valassi and A.
Verbytskyi and R. Verheyen and M. Wagman and D. Walker and B. R. Webber
and L. Weinstein and O. White and J. Whitehead and M. Wiesemann and C.
Wilkinson and C. Williams and R. Winterhalder and C. Wret and K. Xie and
T-Z. Yang and E. Yazgan and G. Zanderighi and S. Zanoli and K. Zapp\},

journal=\{SciPost Phys.\},

volume=\{16\},

pages=\{130\},

year=\{2024\},

publisher=\{SciPost\},

doi=\{10.21468/SciPostPhys.16.5.130\},

url=\{https://scipost.org/10.21468/SciPostPhys.16.5.130\},

\}

@article\{Aamir\_2024,

title=\{Using graph neural networks to reconstruct charged pion showers
in the CMS High Granularity Calorimeter\},

volume=\{19\},

ISSN=\{1748-0221\},

url=\{http://dx.doi.org/10.1088/1748-0221/19/11/P11025\},

DOI=\{10.1088/1748-0221/19/11/p11025\},

number=\{11\},

journal=\{Journal of Instrumentation\},

publisher=\{IOP Publishing\},

author=\{CMS Collaboration\},

year=\{2024\},

month=nov, pages=\{P11025\}

\}

@article\{CMS-DP-2022-050,

collaboration = "CMS",

title = "\{Transformer models for heavy flavor jet identification\}",

year = "2022",

url = "https://cds.cern.ch/record/2839920",

\}

@misc\{qu2024particletransformerjettagging,

title=\{Particle Transformer for Jet Tagging\},

author=\{Huilin Qu and Congqiao Li and Sitian Qian\},

year=\{2024\},

eprint=\{2202.03772\},

archivePrefix=\{arXiv\},

primaryClass=\{hep-ph\},

url=\{https://arxiv.org/abs/2202.03772\},

\}

@article\{Qu\_2020,

title=\{Jet tagging via particle clouds\},

volume=\{101\},

ISSN=\{2470-0029\},

url=\{http://dx.doi.org/10.1103/PhysRevD.101.056019\},

DOI=\{10.1103/physrevd.101.056019\},

number=\{5\},

journal=\{Physical Review D\},

publisher=\{American Physical Society (APS)\},

author=\{Qu, Huilin and Gouskos, Loukas\},

year=\{2020\},

month=mar \}

@misc\{kim2021innmethodidentifyingcleanannotated,

title=\{INN: A Method Identifying Clean-annotated Samples via
Consistency Effect in Deep Neural Networks\},

author=\{Dongha Kim and Yongchan Choi and Kunwoong Kim and Yongdai
Kim\},

year=\{2021\},

eprint=\{2106.15185\},

archivePrefix=\{arXiv\},

primaryClass=\{cs.LG\},

url=\{https://arxiv.org/abs/2106.15185\},

\}

@misc\{tong2024improvinggeneralizingflowbasedgenerative,

title=\{Improving and generalizing flow-based generative models with
minibatch optimal transport\},

author=\{Alexander Tong and Kilian Fatras and Nikolay Malkin and
Guillaume Huguet and Yanlei Zhang and Jarrid Rector-Brooks and Guy Wolf
and Yoshua Bengio\},

year=\{2024\},

eprint=\{2302.00482\},

archivePrefix=\{arXiv\},

primaryClass=\{cs.LG\},

url=\{https://arxiv.org/abs/2302.00482\},

\}

@article\{opticksCHEP,

author = \{\{Blyth, Simon\}\},

title = \{Meeting the challenge of JUNO simulation with Opticks: GPU
optical photon acceleration via NVIDIAÂ® OptiXTM\},

DOI= "10.1051/epjconf/202024511003",

url= "https://doi.org/10.1051/epjconf/202024511003",

journal = \{EPJ Web Conf.\},

year = 2020,

volume = 245,

pages = "11003",

\}

@inproceedings\{MathesP3MA2017,

author = \{\{Matthes\}, A. and \{Widera\}, R. and \{Zenker\}, E. and
\{Worpitz\}, B. and

\{Huebl\}, A. and \{Bussmann\}, M.\},

title = \{Tuning and optimization for a variety of many-core
architectures without changing a single line of implementation code

using the Alpaka library\},

archivePrefix = "arXiv",

eprint = \{1706.10086\},

keywords = \{Computer Science - Distributed, Parallel, and Cluster
Computing\},

day = \{30\},

month = \{Jun\},

year = \{2017\},

url = \{https://arxiv.org/abs/1706.10086\},

\}

\subsection{Simulation Section:}\label{simulation-section}

\emph{{[}g4{]} S.
\href{https://www.sciencedirect.com/science/article/pii/S0168900216306957}{\ul{Recent
Developments in Geant4}}, J. Allison et al., Nucl. Instrum. Meth. A 835
(2016) 186-225,
\href{https://ieeexplore.ieee.org/xpls/abs_all.jsp?isnumber=33833&arnumber=1610988&count=33&index=7}{\ul{Geant4
Developments and Applications}}, J. Allison et al., IEEE Trans. Nucl.
Sci. 53 (2006) 270-278,
\href{https://www.sciencedirect.com/science/article/pii/S0168900203013688}{\ul{Geant4
- A Simulation Toolkit}}, S. Agostinelli et al., Nucl. Instrum. Meth. A
506 (2003) 250-303}

\emph{{[}fluka.cern{]} see
\href{https://fluka.cern/documentation/references}{\ul{https://fluka.cern/documentation/references}}}

\emph{\href{https://fluka.cern}{\ul{https://fluka.cern}}, C. Ahdida et
al., \textbf{Frontiers in Physics 9}, 788253 (2022), G. Battistoni, T et
al. \textbf{Annals of Nuclear Energy 82}, 10-18 (2015).}

\emph{{[}fluka{]} references listed in
https://en.wikipedia.org/wiki/FLUKA}

\emph{{[}adept{]}}

\emph{{[}celeritas{]} Johnson Seth R. et al.,
\href{https://doi.org/10.1051/epjconf/202429511005}{\ul{EPJ Web of
Conferences 295, 11005}}}

\emph{{[}atlas{]} The ATLAS Collaboration,
\href{https://atlas.web.cern.ch/Atlas/GROUPS/PHYSICS/PLOTS/SIMU-2023-06/}{\ul{SIMU-2023-06}}}

\emph{{[}cms{]} The CMS Collaboration,
\href{https://twiki.cern.ch/twiki/pub/CMSPublic/CMSOfflineComputingResults/Summary_Plots_CMSSW_history_CPU_SIM_1_thread_run-3_FullSim.png}{\ul{Simulation
CPU Summary plot}}}

\emph{{[}strategy{]} The European Strategy Group,
\href{https://home.cern/sites/default/files/2020-06/2020\%20Deliberation\%20Document\%20European\%20Strategy.pdf}{\ul{Deliberation
Document of the 2020 update}}}

\emph{{[}Key4hep{]}
\href{https://key4hep.github.io/key4hep-doc/}{\ul{Key4hep web site}}}

\emph{{[}garfield++{]}
\href{https://garfieldpp.web.cern.ch/garfieldpp/}{\ul{Garfield++ web
site}}}

\subsection{Reconstruction Section:}\label{reconstruction-section}

{[}1{]} A Roadmap for HEP Software and Computing R\&D for the 2020s, The
HEP Software Foundation, Albrecht, J. et al., Comput Softw Big Sci
(2019) 3, 7
\href{https://doi.org/10.1007/s41781-018-0018-8}{\ul{https://doi.org/10.1007/s41781-018-0018-8}},
\href{https://arxiv.org/abs/1712.06982}{\ul{arXiv:1712.06982}}.

{[}2{]} ALICE collaboration, S. Acharya et al., ALICE upgrades during
the LHC Long Shutdown 2, JINST 19 (2024) P05062.

{[}3{]} LHCb collaboration, R. Aaij et al., A comprehensive real-time
analysis model at the LHCb experiment, JINST 14 (2019), no. 04 P04006.

{[}4{]} CMS collaboration, A. Hayrapetyan et al., Development of the CMS
detector for the CERN LHC Run 3, JINST 19 (2024) P05064.

{[}5{]} ATLAS collaboration, G. Aad et al., The ATLAS trigger system for
LHC Run 3 and trigger performance in 2022, JINST 19 (2024) P06029.

{[}6{]} CMS Collaboration, A. Hayrapetyan et al., Enriching the Physics
Program of the CMS Experiment via Data Scouting and Data Parking,
\ul{\href{https://arxiv.org/abs/2403.16134}{arXiv:2403.16134}}

{[}7{]} ATLAS Collaboration, Configuration, Performance, and
Commissioning of the ATLAS b-jet Triggers for the 2022 and 2023 LHC
data-taking periods,
\href{https://arxiv.org/abs/2501.11420}{\ul{arXiv:2501.11420}}

{[}8{]} CMS Collaboration, A. Hayrapetyan et al., Anomaly Detection in
the CMS Global Trigger Test Crate for Run 3,
\href{https://cds.cern.ch/record/2876546}{\ul{CMS-DP-2023-079}}

{[}9{]} Duarte, Javier and others, Fast inference of deep neural
networks in FPGAs for particle physics. JINST 13, P07027 (2018).
https://doi.org/10.1088/1748-0221/18/11/P11006

FastML Team, fastmachinelearning/hls4ml. Zenodo v0.7,.
\href{https://github.com/fastmachinelearning/hls4ml/tree/v0.7.1}{\ul{https://github.com/fastmachinelearning/hls4ml/tree/v0.7.1}},
https://doi.org/10.5281/zenodo.1201549

{[}10{]} Ai, X., Allaire, C., Calace, N. \emph{et al.} A Common Tracking
Software Project. \emph{Comput Softw Big Sci} \textbf{6}, 8 (2022).
\href{https://doi.org/10.1007/s41781-021-00078-8}{\ul{https://doi.org/10.1007/s41781-021-00078-8}}

@article\{LHCb:HLT,

author = "Aaij, R. and others",

collaboration = "LHCb",

title = "\{A Comparison of CPU and GPU Implementations for the LHCb
Experiment Run 3 Trigger\}",

eprint = "2105.04031",

archivePrefix = "arXiv",

primaryClass = "physics.ins-det",

reportNumber = "LHCb-DP-2021-003",

doi = "10.1007/s41781-021-00070-2",

journal = "Comput. Softw. Big Sci.",

volume = "6",

number = "1",

pages = "1",

year = "2022"

\}

@article\{LHCb:Lipschitz,

author = "O. Kitouni, N. Nolte and M. Williams",

collaboration = "LHCb",

title = "\{Robust and provably monotonic networks\}",

eprint = "2112.00038",

archivePrefix = "arXiv",

primaryClass = "physics.ins-det",

doi = "10.1088/2632-2153/aced80",

journal = "\href{https://iopscience.iop.org/journal/2632-2153}{Machine
Learning: Science and Technology},
\href{https://iopscience.iop.org/volume/2632-2153/4}{\ul{Volume 4}},
\href{https://iopscience.iop.org/issue/2632-2153/4/3}{\ul{Number 3}}",

volume = "4",

number = "3",

pages = "15",

year = "2023"

\}

@article\{LHCb:GPU\_GNN,

doi = \{10.1088/1748-0221/19/12/P12022\},

url = \{https://dx.doi.org/10.1088/1748-0221/19/12/P12022\},

year = \{2024\},

month = \{dec\},

publisher = \{IOP Publishing\},

volume = \{19\},

number = \{12\},

pages = \{P12022\},

author = \{Correia, Anthony and Giasemis, Fotis I. and Garroum, Nabil
and Gligorov, Vladimir Vava and Granado, Bertrand\},

title = \{Graph Neural Network-based track finding in the LHCb vertex
detector\},

journal = \{Journal of Instrumentation\},\}

\subsection{Training Section:}\label{training-section}

\begin{enumerate}
\def\labelenumi{\arabic{enumi}.}
\item
  \href{https://europeanstrategy.cern/european-strategy-for-particle-physics}{\ul{https://europeanstrategy.cern/european-strategy-for-particle-physics}}
\item
  \href{https://www.usparticlephysics.org/2023-p5-report/}{\ul{"Pathways
  to Innovation and Discovery in Particle Physics Report of the 2023
  Particle Physics Project Prioritization Panel"}}. \emph{US Particle
  Physics}. usparticlephysics.org. Retrieved 15 January 2024.
\item
  \href{https://science.osti.gov/-/media/hep/hepap/pdf/202203/International_Benchmarking_HEPAP_2023112.pdf}{\ul{"The
  Path to Global Discovery: U.S. Leadership and Partnership in Particle
  Physics: A report from the HEPAP International Benchmarking
  Subpanel"}} (PDF). \emph{DOE Office of Science, High Energy Physics}.
  DOE Office of Science. Retrieved 3 December 2023
\item
  \href{https://arxiv.org/abs/1807.02875}{\ul{https://arxiv.org/abs/1807.02875}}
\item
  \href{https://www.slac.stanford.edu/econf/C210711/Engagement.html}{\ul{https://www.slac.stanford.edu/econf/C210711/Engagement.html}}
\item
  \href{https://www.slac.stanford.edu/econf/C210711/reports/Engagement.pdf}{\ul{https://www.slac.stanford.edu/econf/C210711/reports/Engagement.pdf}}
\item
  \href{https://www.slac.stanford.edu/econf/C210711/reports/2209.10114.pdf}{\ul{https://www.slac.stanford.edu/econf/C210711/reports/2209.10114.pdf}}
\item
  \href{https://hepsoftwarefoundation.org/activities/training.html}{\ul{https://hepsoftwarefoundation.org/activities/training.html}}
\item
  \href{https://iris-hep.org/ssc.html}{\ul{https://iris-hep.org/ssc.html}}
\item
  \href{https://first-hep.org/}{\ul{https://first-hep.org/}}
\item
  \href{https://carpentries.org/}{\ul{https://carpentries.org/}}
\item
  \href{https://sidis.web.cern.ch/about}{\ul{https://sidis.web.cern.ch/about}}
\item
  \href{https://hepsoftwarefoundation.org/activities/pyhep.html}{\ul{https://hepsoftwarefoundation.org/activities/pyhep.html}}
\item
  \href{https://hsf-training.org/training-center/}{\ul{https://hsf-training.org/training-center/}}
\item
  \href{https://codas-hep.org/}{\ul{https://codas-hep.org/}}
\item
  \href{https://esc.infn.it/}{\ul{https://esc.infn.it/}}
\item
  \href{https://csc.web.cern.ch/}{\ul{https://csc.web.cern.ch/}}
\item
  \href{https://indico.cern.ch/category/3169/}{\ul{https://indico.cern.ch/category/3169/}}
\item
  \hl{Malik, S., Meehan, S., Lieret, K. \emph{et al.} Software Training
  in HEP. \emph{Comput Softw Big Sci} \textbf{5}, 22 (2021).
  \href{https://doi.org/10.1007/s41781-021-00069-9}{\ul{https://doi.org/10.1007/s41781-021-00069-9}}}
\item
  \hl{Train to Sustain, CHEP2023 Proceedings,
  \href{https://indico.jlab.org/event/459/papers/11538/files/898-CHEP2023_TrainToSustain_revised.pdf}{\ul{https://indico.jlab.org/event/459/papers/11538/files/898-CHEP2023\_TrainToSustain\_revised.pdf}}}
\end{enumerate}

\subsection{\texorpdfstring{\hl{Software Training Outreach In HEP,
CHEP2023 Proceedings,
\href{https://indico.jlab.org/event/459/papers/11704/files/1376-CHEP2023_Outreach_corrected.pdf}{\ul{https://indico.jlab.org/event/459/papers/11704/files/1376-CHEP2023\_Outreach\_corrected.pdf}}}
}{Software Training Outreach In HEP, CHEP2023 Proceedings, https://indico.jlab.org/event/459/papers/11704/files/1376-CHEP2023\_Outreach\_corrected.pdf }}\label{software-training-outreach-in-hep-chep2023-proceedings-httpsindico.jlab.orgevent459papers11704files1376-chep2023_outreach_corrected.pdf}

\begin{enumerate}
\def\labelenumi{\arabic{enumi}.}
\setcounter{enumi}{21}
\item
  \href{https://link.springer.com/article/10.1007/s41781-018-0018-8\#Sec56}{\ul{https://link.springer.com/article/10.1007/s41781-018-0018-8\#Sec56}}
\end{enumerate}

---
